@inproceedings{lozov,
  title={Relational Interpreters for Search Problems},
  author={Lozov, Petr and Verbitskaia, Ekaterina and Boulytchev, Dmitry},
  booktitle={Relational Programming Workshop},
  pages={43},
  year={2019}
}

@book{jones,
  title={Partial evaluation and automatic program generation},
  author={Jones, Neil D and Gomard, Carsten K and Sestoft, Peter},
  year={1993},
  publisher={Peter Sestoft}
}

@article{soerensen1996positive,
  title={A positive supercompiler},
  author={Soerensen, Morten Heine and Gl{\"u}ck, Robert and Jones, Neil D.},
  journal={Journal of functional programming},
  volume={6},
  number={6},
  pages={811--838},
  year={1996},
  publisher={Cambridge University Press}
}

@article{cpd,
  title={Conjunctive partial deduction: Foundations, control, algorithms, and experiments},
  author={De Schreye, Danny and Gl{\"u}ck, Robert and J{\o}rgensen, Jesper and Leuschel, Michael and Martens, Bern and S{\o}rensen, Morten Heine},
  journal={The Journal of Logic Programming},
  volume={41},
  number={2-3},
  pages={231--277},
  year={1999},
  publisher={Elsevier}
}

@TECHREPORT{advanced,
    author = {Michael Leuschel},
    title = {Advanced Techniques for Logic Program Specialisation},
    institution = {},
    year = {1997}
}

@INPROCEEDINGS{Jorgensen96conjunctivepartial,
    author = {Jesper JÃ¸rgensen and Michael Leuschel and Bern Martens},
    title = {Conjunctive partial deduction in practice},
    booktitle = {Proceedings of the International Workshop on Logic Program Synthesis and Transformation (LOPSTR'96), LNCS 1207},
    year = {1996},
    pages = {59--82},
    publisher = {Springer-Verlag}
}

@article{byrdMK,
author = {Byrd, William},
year = {2009},
month = {09},
pages = {297},
title = {Relational Programming in miniKanren: Techniques, Applications, and Implementations}
}

@inproceedings{medMK,
author = {Might, Matthew},
title = {The Algorithm for Precision Medicine (Invited Talk)},
year = {2019},
isbn = {9781450369923},
publisher = {Association for Computing Machinery},
address = {New York, NY, USA},
url = {https://doi.org/10.1145/3359061.3365208},
doi = {10.1145/3359061.3365208},
booktitle = {Proceedings Companion of the 2019 ACM SIGPLAN International Conference on Systems, Programming, Languages, and Applications: Software for Humanity},
pages = {2},
numpages = {1},
location = {Athens, Greece},
series = {SPLASH Companion 2019}
}

@MISC{apropos,
    author = {Stephan Diehl},
    title = {A Prolog Positive Supercompiler},
    year = {1997},
    booktitle={Proceedings Of Arbeitstagung Programmiersprachen}
}

@article{trconv,
author = {Lozov P., Vyatkin A., Boulytchev D.},
year = {2018},
title = {Typed Relational Conversion},
journal = {Wang M., Owens S. (eds) Trends in Functional Programming. TFP 2017. Lecture Notes in Computer Science, vol 10788. Springer, Cham}
}
