@inproceedings{lozov2019,
  title={Relational Interpreters for Search Problems},
  author={Lozov, Petr and Verbitskaia, Ekaterina and Boulytchev, Dmitry},
  booktitle={Relational Programming Workshop},
  pages={43},
  year={2019}
}

@book{jones1993partial,
  title={Partial evaluation and automatic program generation},
  author={Jones, Neil D and Gomard, Carsten K and Sestoft, Peter},
  year={1993},
  publisher={Peter Sestoft}
}

@article{soerensen1996positive,
  title={A positive supercompiler},
  author={Soerensen, Morten Heine and Gl{\"u}ck, Robert and Jones, Neil D.},
  journal={Journal of functional programming},
  volume={6},
  number={6},
  pages={811--838},
  year={1996},
  publisher={Cambridge University Press}
}

@article{de1999conjunctive,
  title={Conjunctive partial deduction: Foundations, control, algorithms, and experiments},
  author={De Schreye, Danny and Gl{\"u}ck, Robert and J{\o}rgensen, Jesper and Leuschel, Michael and Martens, Bern and S{\o}rensen, Morten Heine},
  journal={The Journal of Logic Programming},
  volume={41},
  number={2-3},
  pages={231--277},
  year={1999},
  publisher={Elsevier}
}

@TECHREPORT{Leuschel97advancedtechniques,
    author = {Michael Leuschel},
    title = {Advanced Techniques for Logic Program Specialisation},
    institution = {},
    year = {1997}
}

@INPROCEEDINGS{Jorgensen96conjunctivepartial,
    author = {Jesper JÃ¸rgensen and Michael Leuschel and Bern Martens},
    title = {Conjunctive partial deduction in practice},
    booktitle = {Proceedings of the International Workshop on Logic Program Synthesis and Transformation (LOPSTR'96), LNCS 1207},
    year = {1996},
    pages = {59--82},
    publisher = {Springer-Verlag}
}

@article{byrdMK,
  author = {Byrd, William},
  year = {2009},
  title = {Relational Programming in miniKanren: Techniques, Applications, and Implementations}
}

@book{friedmanSchemer,
  author = {Daniel P. Friedman, William E. Byrd, Oleg Kiselyov},
  year = {2005},
  title = {The Reasoned Schemer},
  publisher = {The MIT Press}
}

@inproceedings{introSC,
title = "Introduction to supercompilation",
author = "S{\o}rensen, {Morten Heine} and Robert Gl{\"u}ck",
year = "1999",
doi = "10.1007/3-540-47018-2_10",
language = "English",
series = "Lecture notes in computer science",
publisher = "Springer Verlag",
pages = "246--270",
editor = "John Hatcliff and Mogensen, {Torben {\AE}.} and Peter Thiemann",
booktitle = "Partial Evaluation. Practice and Theory",
}

@article{ocanren,
author = {Kosarev, Dmitrii and Boulytchev, Dmitri},
year = {2018},
month = {12},
pages = {1-22},
title = {Typed Embedding of a Relational Language in OCaml},
volume = {285},
journal = {Electronic Proceedings in Theoretical Computer Science},
doi = {10.4204/EPTCS.285.1}
}
